<record><leader>00000cas a22000007a 4500</leader><controlfield tag="001">17801768</controlfield><controlfield tag="008">880418d19721979pauwr ne      0    0eng d</controlfield><datafield ind1=" " ind2=" " tag="010"><subfield code="a">sn 88079288 </subfield></datafield><datafield ind1=" " ind2=" " tag="040"><subfield code="a">NPH</subfield><subfield code="b">eng</subfield><subfield code="c">NPH</subfield><subfield code="d">OCLCQ</subfield></datafield><datafield ind1=" " ind2=" " tag="042"><subfield code="a">msc</subfield></datafield><datafield ind1="0" ind2=" " tag="130"><subfield code="a">Wilkinsburg gazette (Pittsburgh, Pa.)</subfield></datafield><datafield ind1="1" ind2="0" tag="245"><subfield code="a">Wilkinsburg gazette.</subfield></datafield><datafield ind1=" " ind2=" " tag="260"><subfield code="a">Pittsburgh, Pa. :</subfield><subfield code="b">Dardanell Publications,</subfield><subfield code="c">1972-1979.</subfield></datafield><datafield ind1=" " ind2=" " tag="300"><subfield code="a">v. :</subfield><subfield code="b">ill. ;</subfield><subfield code="c">58 cm.</subfield></datafield><datafield ind1=" " ind2=" " tag="310"><subfield code="a">Weekly</subfield></datafield><datafield ind1="0" ind2=" " tag="362"><subfield code="a">Vol. 55, no. 40 (Oct. 4, 1972)-v. 82, no. 26 (July 25, 1979).</subfield></datafield><datafield ind1=" " ind2=" " tag="500"><subfield code="a">"Serving the Wilkinsburg and Edgewood area."</subfield></datafield><datafield ind1=" " ind2=" " tag="515"><subfield code="a">Vol. numbering irregular.</subfield></datafield><datafield ind1=" " ind2=" " tag="752"><subfield code="a">United States</subfield><subfield code="b">Pennsylvania</subfield><subfield code="c">Allegheny</subfield><subfield code="d">Pittsburgh.</subfield></datafield><datafield ind1=" " ind2=" " tag="752"><subfield code="a">United States</subfield><subfield code="b">Pennsylvania</subfield><subfield code="c">Allegheny</subfield><subfield code="d">Wilkinsburg.</subfield></datafield><datafield ind1=" " ind2=" " tag="752"><subfield code="a">United States</subfield><subfield code="b">Pennsylvania</subfield><subfield code="c">Allegheny</subfield><subfield code="d">Edgewood.</subfield></datafield><datafield ind1="0" ind2="0" tag="780"><subfield code="t">Wilkinsburg Edgewood gazette</subfield><subfield code="w">(DLC)sn 88080743</subfield></datafield><datafield ind1="0" ind2="0" tag="785"><subfield code="t">Gazette (Monroeville, Pa.)</subfield><subfield code="w">(DLC)sn 88080724</subfield></datafield></record>